<record><leader>00000cas a22000007a 4500</leader><controlfield tag="001">18767923</controlfield><controlfield tag="008">881116d19541958nduwr ne      0    0eng d</controlfield><datafield ind1=" " ind2=" " tag="010"><subfield code="a">sn 88076562 </subfield></datafield><datafield ind1=" " ind2=" " tag="040"><subfield code="a">NOP</subfield><subfield code="b">eng</subfield><subfield code="c">NOP</subfield><subfield code="d">OCLCQ</subfield></datafield><datafield ind1=" " ind2=" " tag="042"><subfield code="a">msc</subfield></datafield><datafield ind1="0" ind2=" " tag="130"><subfield code="a">Walsh County times (Fordville, N.D.)</subfield></datafield><datafield ind1="1" ind2="0" tag="245"><subfield code="a">Walsh County times.</subfield></datafield><datafield ind1=" " ind2=" " tag="260"><subfield code="a">Fordville, N.D. :</subfield><subfield code="b">[s.n.]</subfield></datafield><datafield ind1=" " ind2=" " tag="300"><subfield code="a">4 v. :</subfield><subfield code="b">ill. ;</subfield><subfield code="c">44 cm.</subfield></datafield><datafield ind1=" " ind2=" " tag="310"><subfield code="a">Weekly</subfield></datafield><datafield ind1="1" ind2=" " tag="362"><subfield code="a">Began in 1954; ceased in Oct. 1958.</subfield></datafield><datafield ind1=" " ind2=" " tag="521"><subfield code="a">"Serving Adams, N.D."</subfield></datafield><datafield ind1=" " ind2=" " tag="530"><subfield code="a">Available on microfilm from the State Historical Society of North Dakota.</subfield></datafield><datafield ind1=" " ind2=" " tag="588"><subfield code="a">Description based on: Vol. 1, no. 51 (Sept. 21, 1955).</subfield></datafield><datafield ind1=" " ind2=" " tag="752"><subfield code="a">United States</subfield><subfield code="b">North Dakota</subfield><subfield code="c">Walsh</subfield><subfield code="d">Fordville.</subfield></datafield><datafield ind1=" " ind2=" " tag="752"><subfield code="a">United States</subfield><subfield code="b">North Dakota</subfield><subfield code="c">Walsh</subfield><subfield code="d">Adams.</subfield></datafield><datafield ind1="0" ind2="0" tag="785"><subfield code="t">Adams times</subfield><subfield code="w">(DLC)sn 88076563</subfield></datafield></record>